<?xml version="1.0" encoding="UTF-8"?><collection xmlns="http://www.loc.gov/MARC21/slim"><record><leader>00366nam--2200133-i-4500</leader><controlfield tag="001">000046816</controlfield><controlfield tag="002">20161230</controlfield><controlfield tag="005">20161230201046</controlfield><controlfield tag="008">060222s1000------------r-----000-0-eng-d</controlfield><datafield ind1=" " ind2=" " tag="100"><subfield code="a">Walling, J.C., Orton, J.W.And Paxman, D.H</subfield></datafield><datafield ind1=" " ind2=" " tag="245"><subfield code="a">The solid state maser</subfield></datafield><datafield ind1=" " ind2=" " tag="260"><subfield code="a">Oxford, Pergamon Press, 1970, Ix+283p</subfield></datafield><datafield ind1=" " ind2=" " tag="490"><subfield code="a">Selected Readings In Physics</subfield></datafield><datafield ind1=" " ind2=" " tag="852"><subfield code="a">34336</subfield></datafield></record></collection>